%Detta är mallen
@article{einstein,
    author = "Albert Einstein",
    title = "{Zur Elektrodynamik bewegter K{\"o}rper}. ({German})
    [{On} the electrodynamics of moving bodies]",
    journal = "Annalen der Physik",
    volume = "322",
    number = "10",
    pages = "891--921",
    year = "1905",
    DOI = "http://dx.doi.org/10.1002/andp.19053221004",
    keywords = "physics"
}

@article{chen2Prime,
    author = "Chen Jingrun",
    title = "{On the representation of a large even integer as the sum of a prime and the product of at most two primes}.",
    journal = "Kexue Tongbao",
    volume = "11",
    number = "9",
    pages = "385–386",
    year = "1966",
}
@article{mayBound,
    author = "James Maynard",
    title = "Small gaps between primes",
    journal = "Annals of Mathematics",
    volume = "181",
    number = "1",
    pages = "383–413",
    year = "2015",
    DOI = "https://doi.org/10.4007\%2Fannals.2015.181.1.7"
}
@article{Mollin,
 author = "Richard A. Mollin", 
 title = "A Brief History of Factoring and Primality Testing B. C. (Before Computers)", 
 journal = "Mathematics Magazine",
 volume = "75(1)", 
 pages = "18-29", 
 year = 2002
} 
 
@book{cojocarumurty, 
      title = "An Introduction to Sieve Methods and Their Applications", 
      author = "Alina Carmen Cojocaru and M. Ram Murty", 
      year  = 2005, 
      publisher = "Cambridge University Press", 
      address   = "London" 
    } 
 
@online{kedlaya, 
    author = {K.S. Kedlaya}, 
    title = {Revisiting the sieve of Eratosthenes}, 
    year = {2007}, 
    url = {{{\field{\*\fldinst{HYPERLINK https://dspace.mit.edu/bitstream/handle/1721.1/101679/18-785-spring-2007/contents/lecture-notes/eratosthenes.pdf }}{\fldrslt{https://dspace.mit.edu/bitstream/handle/1721.1/101679/18-785-spring-2007/contents/lecture-notes/eratosthenes.pdf\ul0\cf0}}}}\f0\fs22} 
}
