@online{Terence,
author = {Terence Tao},
title = {Notes 7: Sieving and expanders},
year = {1 March 2012},
url = {https://terrytao.wordpress.com/2012/03/01/254b-notes-7-sieving-and-expanders/},
}

@thesis{Dalton,
author = {Jack Robert Dalton},
title = {An Exposition of Selbergâ€™s Sieve},
type = {Master thesis},
institution = {University of Vermont},
year = {May, 2017},
pages = {32-33},
pagetotal = {46},
url = {https://scholarworks.uvm.edu/cgi/viewcontent.cgi?article=1719&context=graddis},
}

@inbook{Aliram,
author = {M. Ram Murty and Alina Carmen Cojocaru},
author = {Alina Carmen Cojocaru},
title = {An Introduction to Sieve Methods and Their Applications},
year = {2005},
publisher = {Cambridge University Press, London Mathematical Society},
chapter = {The sieve of Eratosthenes},
pages = {page 73},

}
